[gd_scene load_steps=19 format=2]

[ext_resource path="res://player/Player.gd" type="Script" id=1]
[ext_resource path="res://player/Necromancer-Sheet.png" type="Texture" id=2]
[ext_resource path="res://player/Necromancer.png" type="Texture" id=3]
[ext_resource path="res://effects/Ring.png" type="Texture" id=4]
[ext_resource path="res://effects/shadow1.png" type="Texture" id=5]
[ext_resource path="res://audio/whip-crack-01.wav" type="AudioStream" id=6]
[ext_resource path="res://audio/chainwrapping.wav" type="AudioStream" id=7]
[ext_resource path="res://audio/bigcrash.wav" type="AudioStream" id=8]
[ext_resource path="res://audio/telport1.wav" type="AudioStream" id=9]

[sub_resource type="RectangleShape2D" id=1]
extents = Vector2( 26, 3 )

[sub_resource type="Animation" id=2]
resource_name = "Idle"
length = 0.4
loop = true
tracks/0/type = "value"
tracks/0/path = NodePath(".:frame")
tracks/0/interp = 1
tracks/0/loop_wrap = true
tracks/0/imported = false
tracks/0/enabled = true
tracks/0/keys = {
"times": PoolRealArray( 0 ),
"transitions": PoolRealArray( 1 ),
"update": 1,
"values": [ 0 ]
}

[sub_resource type="Animation" id=3]
resource_name = "LifeHarvest"
length = 0.75
tracks/0/type = "value"
tracks/0/path = NodePath(".:frame")
tracks/0/interp = 1
tracks/0/loop_wrap = true
tracks/0/imported = false
tracks/0/enabled = true
tracks/0/keys = {
"times": PoolRealArray( 0, 0.2 ),
"transitions": PoolRealArray( 1, 1 ),
"update": 1,
"values": [ 5, 6 ]
}
tracks/1/type = "value"
tracks/1/path = NodePath("../Harvest:playing")
tracks/1/interp = 1
tracks/1/loop_wrap = true
tracks/1/imported = false
tracks/1/enabled = true
tracks/1/keys = {
"times": PoolRealArray( 0 ),
"transitions": PoolRealArray( 1 ),
"update": 1,
"values": [ true ]
}

[sub_resource type="Animation" id=4]
resource_name = "PowerWhip"
length = 0.8
step = 0.03
tracks/0/type = "value"
tracks/0/path = NodePath(".:frame")
tracks/0/interp = 1
tracks/0/loop_wrap = true
tracks/0/imported = false
tracks/0/enabled = true
tracks/0/keys = {
"times": PoolRealArray( 0, 0.39, 0.57 ),
"transitions": PoolRealArray( 1, 1, 1 ),
"update": 1,
"values": [ 2, 3, 2 ]
}
tracks/1/type = "value"
tracks/1/path = NodePath("WhipSprite:visible")
tracks/1/interp = 1
tracks/1/loop_wrap = true
tracks/1/imported = false
tracks/1/enabled = true
tracks/1/keys = {
"times": PoolRealArray( 0, 0.39, 0.57 ),
"transitions": PoolRealArray( 1, 1, 1 ),
"update": 1,
"values": [ false, true, false ]
}
tracks/2/type = "value"
tracks/2/path = NodePath("WhipSprite:scale")
tracks/2/interp = 1
tracks/2/loop_wrap = true
tracks/2/imported = false
tracks/2/enabled = true
tracks/2/keys = {
"times": PoolRealArray( 0.39, 0.45, 0.57 ),
"transitions": PoolRealArray( 1, 1, 1 ),
"update": 1,
"values": [ Vector2( 1, 1 ), Vector2( 2, 2 ), Vector2( 1, 1 ) ]
}
tracks/3/type = "method"
tracks/3/path = NodePath("..")
tracks/3/interp = 1
tracks/3/loop_wrap = true
tracks/3/imported = false
tracks/3/enabled = true
tracks/3/keys = {
"times": PoolRealArray( 0.45 ),
"transitions": PoolRealArray( 1 ),
"values": [ {
"args": [ 172.0 ],
"method": "do_whip"
} ]
}
tracks/4/type = "value"
tracks/4/path = NodePath("WhipSprite:modulate")
tracks/4/interp = 1
tracks/4/loop_wrap = true
tracks/4/imported = false
tracks/4/enabled = true
tracks/4/keys = {
"times": PoolRealArray( 0.39, 0.45, 0.57 ),
"transitions": PoolRealArray( 1, 1, 1 ),
"update": 0,
"values": [ Color( 1, 1, 1, 1 ), Color( 0.337255, 1, 0, 1 ), Color( 1, 1, 1, 1 ) ]
}
tracks/5/type = "value"
tracks/5/path = NodePath("WhipSprite:frame")
tracks/5/interp = 1
tracks/5/loop_wrap = true
tracks/5/imported = false
tracks/5/enabled = true
tracks/5/keys = {
"times": PoolRealArray( 0, 0.45, 0.48 ),
"transitions": PoolRealArray( 1, 1, 1 ),
"update": 1,
"values": [ 4, 7, 4 ]
}
tracks/6/type = "value"
tracks/6/path = NodePath("../Chain:playing")
tracks/6/interp = 1
tracks/6/loop_wrap = true
tracks/6/imported = false
tracks/6/enabled = true
tracks/6/keys = {
"times": PoolRealArray( 0, 0.78 ),
"transitions": PoolRealArray( 1, 1 ),
"update": 1,
"values": [ true, false ]
}
tracks/7/type = "value"
tracks/7/path = NodePath("../BigWhipCrack:playing")
tracks/7/interp = 1
tracks/7/loop_wrap = true
tracks/7/imported = false
tracks/7/enabled = true
tracks/7/keys = {
"times": PoolRealArray( 0.09, 0.81 ),
"transitions": PoolRealArray( 1, 1 ),
"update": 1,
"values": [ true, false ]
}

[sub_resource type="Animation" id=5]
resource_name = "Teleport"
length = 0.5
tracks/0/type = "value"
tracks/0/path = NodePath(".:frame")
tracks/0/interp = 1
tracks/0/loop_wrap = true
tracks/0/imported = false
tracks/0/enabled = true
tracks/0/keys = {
"times": PoolRealArray( 0, 0.2 ),
"transitions": PoolRealArray( 1, 1 ),
"update": 1,
"values": [ 5, 6 ]
}
tracks/1/type = "value"
tracks/1/path = NodePath("../Teleport:playing")
tracks/1/interp = 1
tracks/1/loop_wrap = true
tracks/1/imported = false
tracks/1/enabled = true
tracks/1/keys = {
"times": PoolRealArray( 0 ),
"transitions": PoolRealArray( 1 ),
"update": 1,
"values": [ true ]
}

[sub_resource type="Animation" id=6]
length = 0.4
loop = true
tracks/0/type = "value"
tracks/0/path = NodePath(".:frame")
tracks/0/interp = 1
tracks/0/loop_wrap = true
tracks/0/imported = false
tracks/0/enabled = true
tracks/0/keys = {
"times": PoolRealArray( 0, 0.2, 0.4 ),
"transitions": PoolRealArray( 1, 1, 1 ),
"update": 1,
"values": [ 0, 1, 0 ]
}

[sub_resource type="Animation" id=7]
length = 0.5
step = 0.03
tracks/0/type = "value"
tracks/0/path = NodePath(".:frame")
tracks/0/interp = 1
tracks/0/loop_wrap = true
tracks/0/imported = false
tracks/0/enabled = true
tracks/0/keys = {
"times": PoolRealArray( 0, 0.2, 0.4 ),
"transitions": PoolRealArray( 1, 1, 1 ),
"update": 1,
"values": [ 2, 3, 2 ]
}
tracks/1/type = "value"
tracks/1/path = NodePath("WhipSprite:visible")
tracks/1/interp = 1
tracks/1/loop_wrap = true
tracks/1/imported = false
tracks/1/enabled = true
tracks/1/keys = {
"times": PoolRealArray( 0, 0.2, 0.4 ),
"transitions": PoolRealArray( 1, 1, 1 ),
"update": 1,
"values": [ false, true, false ]
}
tracks/2/type = "value"
tracks/2/path = NodePath("WhipSprite:scale")
tracks/2/interp = 1
tracks/2/loop_wrap = true
tracks/2/imported = false
tracks/2/enabled = true
tracks/2/keys = {
"times": PoolRealArray( 0.2, 0.27, 0.4 ),
"transitions": PoolRealArray( 1, 1, 1 ),
"update": 1,
"values": [ Vector2( 1, 1 ), Vector2( 2, 1 ), Vector2( 1, 1 ) ]
}
tracks/3/type = "method"
tracks/3/path = NodePath("..")
tracks/3/interp = 1
tracks/3/loop_wrap = true
tracks/3/imported = false
tracks/3/enabled = true
tracks/3/keys = {
"times": PoolRealArray( 0.27 ),
"transitions": PoolRealArray( 1 ),
"values": [ {
"args": [ 72.0 ],
"method": "do_whip"
} ]
}
tracks/4/type = "value"
tracks/4/path = NodePath("WhipSprite:frame")
tracks/4/interp = 1
tracks/4/loop_wrap = true
tracks/4/imported = false
tracks/4/enabled = true
tracks/4/keys = {
"times": PoolRealArray( 0, 0.27, 0.33 ),
"transitions": PoolRealArray( 1, 1, 1 ),
"update": 1,
"values": [ 4, 7, 4 ]
}
tracks/5/type = "value"
tracks/5/path = NodePath("../Chain:playing")
tracks/5/interp = 1
tracks/5/loop_wrap = true
tracks/5/imported = false
tracks/5/enabled = true
tracks/5/keys = {
"times": PoolRealArray( 0, 0.5 ),
"transitions": PoolRealArray( 1, 1 ),
"update": 1,
"values": [ true, false ]
}
tracks/6/type = "value"
tracks/6/path = NodePath("../MainWhipCrack:playing")
tracks/6/interp = 1
tracks/6/loop_wrap = true
tracks/6/imported = false
tracks/6/enabled = true
tracks/6/keys = {
"times": PoolRealArray( 0, 0.63 ),
"transitions": PoolRealArray( 1, 1 ),
"update": 1,
"values": [ true, false ]
}

[sub_resource type="CircleShape2D" id=8]
radius = 4.0

[sub_resource type="CircleShape2D" id=9]
radius = 64.0

[node name="Player" type="KinematicBody2D" groups=[
"player",
]]
script = ExtResource( 1 )
harvest_cooldown = 4.0
teleport_cooldown = 3.0

[node name="CharSprite" type="Sprite" parent="."]
editor/display_folded = true
position = Vector2( 0, -2 )
texture = ExtResource( 2 )
offset = Vector2( 0, -4 )
hframes = 7
frame = 6

[node name="WhipSprite" type="Sprite" parent="CharSprite"]
visible = false
position = Vector2( 0, -5 )
scale = Vector2( 2, 1 )
texture = ExtResource( 3 )
hframes = 8
frame = 4

[node name="WhipCollider" type="Area2D" parent="CharSprite"]
editor/display_folded = true
position = Vector2( 0, 2 )

[node name="CollisionShape2D" type="CollisionShape2D" parent="CharSprite/WhipCollider"]
position = Vector2( 26, 0 )
shape = SubResource( 1 )

[node name="AnimationPlayer" type="AnimationPlayer" parent="CharSprite"]
autoplay = "Idle"
anims/Idle = SubResource( 2 )
anims/LifeHarvest = SubResource( 3 )
anims/PowerWhip = SubResource( 4 )
anims/Teleport = SubResource( 5 )
anims/Walking = SubResource( 6 )
anims/WhipAttack = SubResource( 7 )

[node name="CollisionShape2D" type="CollisionShape2D" parent="."]
shape = SubResource( 8 )

[node name="Ring" type="Sprite" parent="."]
modulate = Color( 0.0784314, 1, 0, 0.376471 )
position = Vector2( 0, -6 )
z_index = -12
texture = ExtResource( 4 )

[node name="Shadow" type="Sprite" parent="."]
modulate = Color( 1, 1, 1, 0.25098 )
position = Vector2( 0, -6 )
z_index = -12
texture = ExtResource( 5 )

[node name="LinkRange" type="Area2D" parent="."]
editor/display_folded = true
visible = false
collision_layer = 2

[node name="CollisionShape2D" type="CollisionShape2D" parent="LinkRange"]
shape = SubResource( 9 )

[node name="Camera2D" type="Camera2D" parent="."]
current = true
zoom = Vector2( 0.3, 0.3 )
smoothing_enabled = true
drag_margin_left = 0.0
drag_margin_top = 0.0
drag_margin_right = 0.0
drag_margin_bottom = 0.0

[node name="MainWhipCrack" type="AudioStreamPlayer2D" parent="."]
stream = ExtResource( 6 )
max_distance = 1000.0

[node name="BigWhipCrack" type="AudioStreamPlayer2D" parent="."]
stream = ExtResource( 6 )
pitch_scale = 0.5
max_distance = 1000.0

[node name="Chain" type="AudioStreamPlayer2D" parent="."]
stream = ExtResource( 7 )
volume_db = -18.0
max_distance = 1000.0

[node name="Harvest" type="AudioStreamPlayer2D" parent="."]
stream = ExtResource( 8 )
volume_db = -8.0
pitch_scale = 1.5

[node name="Teleport" type="AudioStreamPlayer2D" parent="."]
stream = ExtResource( 9 )
volume_db = -8.0
pitch_scale = 0.6
max_distance = 1000.0

[node name="UsePowerCooldown" type="Timer" parent="."]
one_shot = true

[node name="HarvestCooldown" type="Timer" parent="."]

[node name="TeleportCooldown" type="Timer" parent="."]
[connection signal="animation_finished" from="CharSprite/AnimationPlayer" to="." method="_on_AnimationPlayer_animation_finished"]
[connection signal="body_entered" from="LinkRange" to="." method="_on_LinkRange_body_entered"]
[connection signal="body_exited" from="LinkRange" to="." method="_on_LinkRange_body_exited"]
[connection signal="timeout" from="UsePowerCooldown" to="." method="used_power_timer"]
[connection signal="timeout" from="HarvestCooldown" to="." method="_on_HarvestCooldown_timeout"]
[connection signal="timeout" from="TeleportCooldown" to="." method="_on_TeleportCooldown_timeout"]
