[gd_scene load_steps=22 format=2]

[ext_resource path="res://player/PlayerHUD.gd" type="Script" id=1]
[ext_resource path="res://ui/powerbar1.png" type="Texture" id=2]
[ext_resource path="res://ui/powerbar2.png" type="Texture" id=3]
[ext_resource path="res://resources/fonts/8bitlim.ttf" type="DynamicFontData" id=4]
[ext_resource path="res://ui/ability1_on1.png" type="Texture" id=5]
[ext_resource path="res://ui/ability1_on2.png" type="Texture" id=6]
[ext_resource path="res://ui/colldown.png" type="Texture" id=7]
[ext_resource path="res://ui/ability2_on1.png" type="Texture" id=8]
[ext_resource path="res://ui/ability2_on2.png" type="Texture" id=9]
[ext_resource path="res://effects/green_firet.png" type="Texture" id=10]
[ext_resource path="res://effects/GreenFire.gd" type="Script" id=11]
[ext_resource path="res://resources/fonts/standard_title_96.tres" type="DynamicFont" id=12]
[ext_resource path="res://resources/fonts/standard_button_48.tres" type="DynamicFont" id=13]

[sub_resource type="DynamicFont" id=1]
size = 30
outline_size = 4
outline_color = Color( 0, 0.317647, 0.0117647, 1 )
font_data = ExtResource( 4 )

[sub_resource type="Animation" id=2]
resource_name = "attention"
loop = true
tracks/0/type = "value"
tracks/0/path = NodePath(".:rect_scale")
tracks/0/interp = 1
tracks/0/loop_wrap = true
tracks/0/imported = false
tracks/0/enabled = true
tracks/0/keys = {
"times": PoolRealArray( 0, 0.5, 1 ),
"transitions": PoolRealArray( 1, 1, 1 ),
"update": 0,
"values": [ Vector2( 1, 1 ), Vector2( 1.5, 1.5 ), Vector2( 1, 1 ) ]
}

[sub_resource type="DynamicFont" id=3]
size = 48
outline_size = 4
outline_color = Color( 0.709804, 0.0666667, 0.67451, 1 )
font_data = ExtResource( 4 )

[sub_resource type="DynamicFont" id=4]
size = 20
font_data = ExtResource( 4 )

[sub_resource type="DynamicFont" id=5]
size = 20
font_data = ExtResource( 4 )

[sub_resource type="DynamicFont" id=6]
size = 96
outline_size = 4
outline_color = Color( 0, 0, 0, 1 )
font_data = ExtResource( 4 )

[sub_resource type="Animation" id=7]
resource_name = "Burn"
length = 0.8
loop = true
tracks/0/type = "value"
tracks/0/path = NodePath(".:frame")
tracks/0/interp = 1
tracks/0/loop_wrap = true
tracks/0/imported = false
tracks/0/enabled = true
tracks/0/keys = {
"times": PoolRealArray( 0, 0.1, 0.2, 0.3, 0.4, 0.5, 0.6, 0.7, 0.8 ),
"transitions": PoolRealArray( 1, 1, 1, 1, 1, 1, 1, 1, 1 ),
"update": 1,
"values": [ 0, 1, 2, 3, 0, 1, 2, 3, 0 ]
}
tracks/1/type = "value"
tracks/1/path = NodePath(".:scale")
tracks/1/interp = 1
tracks/1/loop_wrap = true
tracks/1/imported = false
tracks/1/enabled = false
tracks/1/keys = {
"times": PoolRealArray( 0, 0.8 ),
"transitions": PoolRealArray( 1, 1 ),
"update": 0,
"values": [ Vector2( 1, 2 ), Vector2( 1, 0.5 ) ]
}
tracks/2/type = "value"
tracks/2/path = NodePath(".:modulate")
tracks/2/interp = 1
tracks/2/loop_wrap = true
tracks/2/imported = false
tracks/2/enabled = false
tracks/2/keys = {
"times": PoolRealArray( 0, 0.8 ),
"transitions": PoolRealArray( 1, 1 ),
"update": 0,
"values": [ Color( 1, 1, 1, 1 ), Color( 1, 1, 1, 0.0745098 ) ]
}
tracks/3/type = "value"
tracks/3/path = NodePath(".:offset")
tracks/3/interp = 1
tracks/3/loop_wrap = true
tracks/3/imported = false
tracks/3/enabled = false
tracks/3/keys = {
"times": PoolRealArray( 0, 0.8 ),
"transitions": PoolRealArray( 1, 1 ),
"update": 0,
"values": [ Vector2( 0, -16.17 ), Vector2( 0, 0.24 ) ]
}

[sub_resource type="DynamicFont" id=8]
size = 48
font_data = ExtResource( 4 )

[node name="Control" type="CanvasLayer"]
script = ExtResource( 1 )

[node name="RootControl" type="Control" parent="."]
margin_right = 1280.0
margin_bottom = 720.0

[node name="PowerBar" type="TextureProgress" parent="RootControl"]
margin_left = 179.0
margin_top = -73.0
margin_right = 419.0
margin_bottom = -9.0
rect_scale = Vector2( 3, 3 )
value = 90.0
texture_under = ExtResource( 2 )
texture_progress = ExtResource( 3 )
tint_under = Color( 0.0705882, 0.0705882, 0.0705882, 1 )
tint_progress = Color( 0.172549, 1, 0, 1 )

[node name="GOPOWER" type="Label" parent="RootControl"]
editor/display_folded = true
visible = false
margin_left = 456.0
margin_top = 23.0
margin_right = 780.0
margin_bottom = 185.0
rect_pivot_offset = Vector2( 164, 80 )
custom_fonts/font = SubResource( 1 )
custom_colors/font_color = Color( 0.54902, 1, 0.509804, 1 )
text = "SUMMON READY"
align = 1
valign = 1

[node name="AnimationPlayer" type="AnimationPlayer" parent="RootControl/GOPOWER"]
autoplay = "attention"
anims/attention = SubResource( 2 )

[node name="CurrentHealth" type="Label" parent="RootControl"]
visible = false
margin_left = 22.0
margin_top = 80.0
margin_right = 346.0
margin_bottom = 242.0
custom_fonts/font = SubResource( 3 )
custom_colors/font_color = Color( 0.960784, 0.627451, 1, 1 )
text = "HEALTH 10"

[node name="Ability1" type="TextureRect" parent="RootControl"]
margin_left = 57.0
margin_top = 129.0
margin_right = 147.0
margin_bottom = 219.0
texture = ExtResource( 5 )
expand = true

[node name="HarvestLabel" type="Label" parent="RootControl/Ability1"]
margin_top = 90.0
margin_right = 142.0
margin_bottom = 153.0
size_flags_horizontal = 3
size_flags_vertical = 3
custom_fonts/font = SubResource( 4 )
text = "LIFE HARVEST
(SPACE"
valign = 1
autowrap = true

[node name="Ability1CD" type="TextureRect" parent="RootControl/Ability1"]
visible = false
margin_right = 90.0
margin_bottom = 90.0
texture = ExtResource( 6 )
expand = true

[node name="Cooldown1" type="TextureProgress" parent="RootControl/Ability1"]
margin_top = -27.0
margin_right = 48.0
margin_bottom = 13.0
rect_scale = Vector2( 2, 2 )
value = 100.0
texture_under = ExtResource( 7 )
texture_progress = ExtResource( 7 )
tint_under = Color( 0.0705882, 0.0705882, 0.0705882, 1 )
tint_progress = Color( 0.172549, 1, 0, 1 )

[node name="Ability2" type="TextureRect" parent="RootControl"]
margin_left = 57.0
margin_top = 334.0
margin_right = 144.0
margin_bottom = 421.0
texture = ExtResource( 8 )
expand = true

[node name="TeleportLabel" type="Label" parent="RootControl/Ability2"]
margin_top = 87.0
margin_right = 142.0
margin_bottom = 150.0
size_flags_horizontal = 3
size_flags_vertical = 3
custom_fonts/font = SubResource( 5 )
text = "TELEPORT
SHIFT"
valign = 1
autowrap = true

[node name="Ability2CD" type="TextureRect" parent="RootControl/Ability2"]
visible = false
margin_right = 87.0
margin_bottom = 87.0
texture = ExtResource( 9 )
expand = true

[node name="Cooldown2" type="TextureProgress" parent="RootControl/Ability2"]
margin_left = -6.0
margin_top = -27.0
margin_right = 42.0
margin_bottom = 13.0
rect_scale = Vector2( 2, 2 )
value = 100.0
texture_under = ExtResource( 7 )
texture_progress = ExtResource( 7 )
tint_under = Color( 0.0705882, 0.0705882, 0.0705882, 1 )
tint_progress = Color( 1, 0, 0.913725, 1 )

[node name="ActiveChainCount" type="Label" parent="."]
visible = false
margin_left = 1009.0
margin_top = 421.0
margin_right = 1109.0
margin_bottom = 524.0
rect_rotation = -15.0
rect_scale = Vector2( 2, 2 )
custom_fonts/font = SubResource( 6 )
text = "10"
align = 1
valign = 1

[node name="Sprite" type="Sprite" parent="ActiveChainCount"]
modulate = Color( 1, 1, 1, 0.801396 )
position = Vector2( 24.4498, 164.86 )
rotation = 0.176897
scale = Vector2( 10, 10 )
z_index = -1
texture = ExtResource( 10 )
offset = Vector2( 0, -17.829 )
hframes = 4
script = ExtResource( 11 )

[node name="AnimationPlayer" type="AnimationPlayer" parent="ActiveChainCount/Sprite"]
autoplay = "Burn"
anims/Burn = SubResource( 7 )

[node name="PassiveChainLabel" type="Label" parent="."]
margin_left = 646.0
margin_top = 600.0
margin_right = 1101.0
margin_bottom = 703.0
custom_fonts/font = ExtResource( 12 )
custom_colors/font_color = Color( 0.976471, 0.976471, 0.976471, 0.607843 )
text = "connected"

[node name="ScoreBoard" type="Label" parent="."]
margin_left = 836.0
margin_right = 1259.0
margin_bottom = 315.0
custom_fonts/font = ExtResource( 13 )
custom_colors/font_color = Color( 0.976471, 0.976471, 0.976471, 1 )
text = "score
kills
time"
align = 2

[node name="GameOver" type="Label" parent="."]
visible = false
margin_left = 181.0
margin_top = 63.0
margin_right = 1146.0
margin_bottom = 378.0
custom_fonts/font = SubResource( 8 )
custom_colors/font_color = Color( 0.00392157, 0.952941, 1, 1 )
text = "YOUR ARMY IS DEFEATED
GAME OVER"
align = 1
valign = 1

[node name="GameOver2" type="Label" parent="GameOver"]
margin_top = 199.0
margin_right = 965.0
margin_bottom = 514.0
custom_fonts/font = SubResource( 8 )
custom_colors/font_color = Color( 1, 0.984314, 0, 1 )
text = "power score - 1000
kill score - 100
time score - 120"
align = 1
valign = 1

[node name="GameOver3" type="Label" parent="GameOver"]
margin_left = -305.0
margin_top = 439.0
margin_right = 660.0
margin_bottom = 754.0
custom_fonts/font = SubResource( 8 )
custom_colors/font_color = Color( 0, 0.109804, 1, 0.654902 )
text = "press esc to leave"
align = 1
valign = 1

[node name="HarvestScoreTimer" type="Timer" parent="."]

[node name="PassiveChainCount" type="Label" parent="."]
margin_left = 1146.0
margin_top = 600.0
margin_right = 1246.0
margin_bottom = 703.0
custom_fonts/font = ExtResource( 12 )
text = "0"
align = 1

[node name="UpdateScores" type="Timer" parent="."]
autostart = true
[connection signal="timeout" from="HarvestScoreTimer" to="." method="_on_HarvestScoreTimer_timeout"]
[connection signal="timeout" from="UpdateScores" to="." method="_on_UpdateScores_timeout"]
